<collection xmlns="http://www.loc.gov/MARC21/slim"><record><leader>00922nam  2200277   450</leader><controlfield tag="001">474</controlfield><controlfield tag="003">http://montalegre.opacnet.com/OPAC/default.aspx?ContentAreaControl=ShowRegHoldings.ascx&amp;RegNo=16662</controlfield><datafield tag="010" ind1=" " ind2=" "><subfield code="a">972-665-221-9</subfield></datafield><datafield tag="021" ind1=" " ind2=" "><subfield code="a">PT</subfield><subfield code="b">64992/93</subfield></datafield><datafield tag="095" ind1=" " ind2=" "><subfield code="a">PTBN00468191</subfield></datafield><datafield tag="100" ind1=" " ind2=" "><subfield code="a">20061013d1993    m  y0pory0103    ba</subfield></datafield><datafield tag="101" ind1="1" ind2=" "><subfield code="a">por</subfield><subfield code="c">ger</subfield></datafield><datafield tag="102" ind1=" " ind2=" "><subfield code="a">PT</subfield></datafield><datafield tag="105" ind1=" " ind2=" "><subfield code="a">y   z   000ay</subfield></datafield><datafield tag="106" ind1=" " ind2=" "><subfield code="a">r</subfield></datafield><datafield tag="200" ind1="1" ind2=" "><subfield code="a">Narciso e Goldmundo</subfield><subfield code="e">romance</subfield><subfield code="f">Hermann Hesse</subfield><subfield code="g">trad. Manuela de Sousa Marques</subfield></datafield><datafield tag="205" ind1=" " ind2=" "><subfield code="a">4ª ed</subfield></datafield><datafield tag="210" ind1=" " ind2=" "><subfield code="a">Lisboa</subfield><subfield code="c">Guimarães Editores</subfield><subfield code="d">1993</subfield></datafield><datafield tag="215" ind1=" " ind2=" "><subfield code="a">237, [2] p.</subfield><subfield code="d">21 cm</subfield></datafield><datafield tag="304" ind1=" " ind2=" "><subfield code="a">Tit. orig.: Narziss und Goldmund</subfield></datafield><datafield tag="675" ind1=" " ind2=" "><subfield code="a">830-31"18/19"</subfield><subfield code="v">BN</subfield><subfield code="z">por</subfield><subfield code="3">419992</subfield></datafield><datafield tag="700" ind1=" " ind2="1"><subfield code="a">Hesse</subfield><subfield code="b">Hermann</subfield><subfield code="f">1877-1962</subfield><subfield code="3">32145</subfield></datafield><datafield tag="702" ind1=" " ind2="1"><subfield code="a">Marques</subfield><subfield code="b">Manuela de Sousa</subfield><subfield code="4">730</subfield><subfield code="3">101342</subfield></datafield><datafield tag="702" ind1=" " ind2="1"><subfield code="a">Ramos</subfield><subfield code="b">Paula</subfield><subfield code="f">1960-</subfield><subfield code="4">550</subfield><subfield code="3">279135</subfield></datafield><datafield tag="801" ind1=" " ind2="0"><subfield code="a">PT</subfield><subfield code="b">Biblioteca Municipal de Montalegre</subfield><subfield code="g">RPC</subfield></datafield><datafield tag="856" ind1=" " ind2=" "><subfield code="u">locateMedia.asp?cod=20060517143557&amp;ext=jpg</subfield><subfield code="z">CAPA</subfield></datafield><datafield tag="909" ind1="&#9;" ind2=" "><subfield code="a">1</subfield></datafield><datafield tag="966" ind1=" " ind2=" "><subfield code="a">0008772</subfield><subfield code="l">BMM</subfield><subfield code="s">SCG 821 HES nar</subfield></datafield></record></collection>